@misc{1606.01540,
        Author = {Greg Brockman and Vicki Cheung and Ludwig Pettersson and Jonas Schneider and John Schulman and Jie Tang and Wojciech Zaremba},
        Title = {OpenAI Gym},
        Year = {2016},
        Eprint = {arXiv:1606.01540},
}
@article{lfda-e2e-15,
  author  = {S. Levine and C. Finn and T. Darrell and P. Abbeel},
  title   = {End-to-End Training of Deep Visuomotor Policies},
  journal = {arXiv preprint arXiv:1504.00702},
  year    = {2015},
}

@article{DBLP:journals/corr/DevinGDAL16,
  author    = {Coline Devin and
               Abhishek Gupta and
               Trevor Darrell and
               Pieter Abbeel and
               Sergey Levine},
  title     = {Learning Modular Neural Network Policies for Multi-Task and Multi-Robot
               Transfer},
  journal   = {CoRR},
  volume    = {abs/1609.07088},
  year      = {2016},
  url       = {http://arxiv.org/abs/1609.07088},
  timestamp = {Mon, 03 Oct 2016 17:51:10 +0200},
  biburl    = {http://dblp.uni-trier.de/rec/bib/journals/corr/DevinGDAL16},
  bibsource = {dblp computer science bibliography, http://dblp.org}
}

@misc{fzftm-gpsi-16,
    author = {C. Finn and M. Zhang and J. Fu and X. Tan and Z. McCarthy and E. Scharff and S. Levine},
    title  = {Guided Policy Search Code Implementation},
    url    = {http://rll.berkeley.edu/gps},
    note   = {Software available from rll.berkeley.edu/gps},
    year   = {2016},
}
